%%%Mobile Computing Literature%%%

%Coodination model
@INPROCEEDINGS{Mendonca2016A3droid,
	author={L. Baresi and S. Guinea and D. F. Mendonca},
	booktitle={2016 IEEE International Conf. on Pervasive Computing and Communication Workshops (PerCom Workshops)},
	title={A3Droid: A framework for developing distributed crowdsensing},
	year={2016},
	volume={},
	number={},
	pages={1-6},
	keywords={mobile computing;sensors;smart phones;A3Droid;Android platform;city traffic;computing performance;crowdsensing applications;distributed crowdsensing;distributed fog-like architecture;edge devices;geo-located data;mobile devices;sensor networks;server-side components;Middleware;Mobile handsets;Performance evaluation;Redundancy;Temperature sensors;Topology},
	doi={10.1109/PERCOMW.2016.7457103},
	ISSN={},
	month={March}
}

%Battery drain/power consumption
@inproceedings{Carroll:2010,
	author = {Carroll, Aaron and Heiser, Gernot},
	title = {An Analysis of Power Consumption in a Smartphone},
	booktitle = {Proc. of the 2010 USENIX Conf. on USENIX Annual Technical Conf.},	
	year = {2010},
	location = {Boston, MA},
	pages = {21--21},
	numpages = {1},
	url = {http://dl.acm.org/citation.cfm?id=1855840.1855861},
	acmid = {1855861},
	publisher = {USENIX Association},
	address = {Berkeley, CA, USA},
} 

%%%Cellular Network Literature%%%
@article{lecompte2012evolved,
	title={Evolved multimedia broadcast/multicast service (eMBMS) in LTE-advanced: overview and Rel-11 enhancements},
	author={D. Lecompte and F. Gabin},
	journal={IEEE Communications Magazine},
	volume={50},
	number={11},
	year={2012},
	publisher={IEEE}
}

%%%Mobile Cloud Computing Literature%%%
@ARTICLE{Khan:14, 
	author={A. u. R. Khan and M. Othman and S. A. Madani and S. U. Khan}, 
	journal={IEEE Communications Surveys Tutorials}, 
	title={A Survey of Mobile Cloud Computing Application Models}, 
	year={2014}, 
	volume={16}, 
	number={1}, 
	pages={393-413}, 
	keywords={cloud computing;mobile computing;smart phones;application model classification;cloud computing technology;mobile cloud application model;mobile cloud computing application;off-loading decision;smart phone constraints;Bandwidth;Cloud computing;Computational modeling;Computer applications;Mobile communication;Smart phones;Application Models;Cloud Computing;Mobile Cloud Application Models;Mobile Cloud Application Models Survey;Mobile Cloud Computing;Mobile Cloud Survey}, 
	doi={10.1109/SURV.2013.062613.00160}, 
	ISSN={1553-877X}, 
	month={First}
}

%%%Edge computing Literature%%%

%%Cloudlets
@article{Satyanarayanan:2009,
	author    = {Mahadev Satyanarayanan and
	Paramvir Bahl and
	Ram{\'{o}}n C{\'{a}}ceres and
	Nigel Davies},
	title     = {The Case for VM-Based Cloudlets in Mobile Computing},
	journal   = {{IEEE} Pervasive Computing},
	volume    = {8},
	number    = {4},
	pages     = {14--23},
	year      = {2009},
	url       = {https://doi.org/10.1109/MPRV.2009.82},
	doi       = {10.1109/MPRV.2009.82},
	timestamp = {Thu, 08 Jun 2017 08:59:21 +0200},
	biburl    = {https://dblp.org/rec/bib/journals/pervasive/SatyanarayananBCD09},
	bibsource = {dblp computer science bibliography, https://dblp.org}
}

@article{Satyanarayanan:2017,
	author    = {Mahadev Satyanarayanan},
	title     = {The Emergence of Edge Computing},
	journal   = {{IEEE} Computer},
	volume    = {50},
	number    = {1},
	pages     = {30--39},
	year      = {2017},
	url       = {https://doi.org/10.1109/MC.2017.9},
	doi       = {10.1109/MC.2017.9},
	timestamp = {Wed, 17 May 2017 10:56:50 +0200},
	biburl    = {https://dblp.org/rec/bib/journals/computer/Satyanarayanan17},
	bibsource = {dblp computer science bibliography, https://dblp.org}
}

%%Fog computing
@inproceedings{Bonomi:2012,
	author    = {Flavio Bonomi and
	Rodolfo A. Milito and
	Jiang Zhu and
	Sateesh Addepalli},
	title     = {Fog computing and its role in the internet of things},
	booktitle = {Proceedings of the first edition of the {MCC} workshop on Mobile cloud
	computing, MCC@SIGCOMM 2012, Helsinki, Finland, August 17, 2012},
	pages     = {13--16},
	year      = {2012},
	url       = {http://doi.acm.org/10.1145/2342509.2342513},
	doi       = {10.1145/2342509.2342513},
	timestamp = {Wed, 21 Feb 2018 17:34:43 +0100},
	biburl    = {https://dblp.org/rec/bib/conf/sigcomm/BonomiMZA12},
	bibsource = {dblp computer science bibliography, https://dblp.org}
}

%%Follow-me-cloud

@ARTICLE{Taleb:2013, 
    author={T. Taleb and A. Ksentini}, 
    journal={IEEE Network}, 
    title={Follow me cloud: interworking federated clouds and distributed mobile networks}, 
    year={2013}, 
    volume={27}, 
    number={5}, 
    pages={12-19}, 
    keywords={3G mobile communication;cloud computing;IP networks;Follow-Me Cloud concept;federated cloud;distributed mobile network;IP service;3GPP mobile network;service migration;FMC service;FMC application;session-service ID;cloud service;UE mobility;load balancing;data anchor gateway;Mobile communication;Mobile computing;IP networks;Logic gates;Cloud computing;Distributed databases;Object recognition}, 
    doi={10.1109/MNET.2013.6616110}, 
    ISSN={0890-8044}, 
    month={September}
}

%%Multi-access Edge Computing

%Surveys
@article{Mach:2017,
	author    = {Pavel Mach and
	Zdenek Becvar},
	title     = {Mobile Edge Computing: {A} Survey on Architecture and Computation
	Offloading},
	journal   = {CoRR},
	volume    = {abs/1702.05309},
	year      = {2017},
	url       = {http://arxiv.org/abs/1702.05309},
	archivePrefix = {arXiv},
	eprint    = {1702.05309},
	timestamp = {Mon, 13 Aug 2018 16:49:12 +0200},
	biburl    = {https://dblp.org/rec/bib/journals/corr/MachB17},
	bibsource = {dblp computer science bibliography, https://dblp.org}
}

%ETSI
@techreport{ETSI:MEC:2016:10,
	title = {Mobile Edge Computing (MEC); Terminology V1.1.1},
	author = {{ETSI Group}},
	group = {},
	year = {2016},
	institution = { European Telecommunications Standards Institute (ETSI)},
	month = {10},
	url ={http://www.etsi.org/deliver/etsi_gs/MEC/001_099/001/01.01.01_60/gs_MEC001v010101p.pdf}
}

@techreport{ETSI:MEC:2016:03,
	title = {Mobile Edge Computing (MEC);
	Framework and Reference Architecture},
	author = {{ETSI Group}},
	group = {},
	year = {2016},
	institution = {ETSI GS MEC},
	month = {03},
	url ={http://www.etsi.org/deliver/etsi_gs/MEC/001_099/003/01.01.01_60/gs_MEC003v010101p.pdf}
}


%%Edge and fog nodes%%

%Resource Management
@ARTICLE{N.Wang:2017, 
    author={N. Wang and B. Varghese and M. Matthaiou and D. S. Nikolopoulos}, 
    journal={IEEE Transactions on Services Computing},
    title={ENORM: A Framework For Edge NOde Resource Management}, 
    year={2018}, 
    volume={}, 
    number={}, 
    pages={1-1}, 
    keywords={Servers;Cloud computing;Edge computing;Resource management;Computational modeling;Quality of service;fog computing;edge nodes;resource management;provisioning;scaling resources}, 
    doi={10.1109/TSC.2017.2753775}, 
    ISSN={1939-1374}, 
    month={}
}

%%Edge-Cloud Continuum%%

%computation offloading, placement
@inproceedings{Wang:2015a,
    author    = {Shiqiang Wang and
               Rahul Urgaonkar and
               Murtaza Zafer and
               Ting He and
               Kevin S. Chan and
               Kin K. Leung},
    title     = {Dynamic service migration in mobile edge-clouds},
    booktitle = {Proceedings of the 14th {IFIP} Networking Conference, Networking 2015,
               Toulouse, France, 20-22 May, 2015},
    pages     = {1--9},
    year      = {2015},
    url       = {https://doi.org/10.1109/IFIPNetworking.2015.7145316},
    doi       = {10.1109/IFIPNetworking.2015.7145316},
    timestamp = {Wed, 04 Jul 2018 12:02:34 +0200},
    biburl    = {https://dblp.org/rec/bib/conf/networking/WangUZHCL15},
    bibsource = {dblp computer science bibliography, https://dblp.org}
}

@INPROCEEDINGS{OrsiniBL16, 
	author    = {Orsini, G. and
	Bade, D. and Lamersdorf, W.},
	booktitle={2016 IEEE 1st International Workshops on Foundations and Applications of Self* Systems (FAS*W)}, 
	title={CloudAware: A Context-Adaptive Middleware for Mobile Edge and Cloud Computing Applications}, 
	year={2016}, 
	volume={}, 
	number={}, 
	pages={216-221}, 
	keywords={cloud computing;data mining;middleware;mobile computing;CloudAware;MCC;MDC;MEC;Nokia Mobile Data Challenge;cloud computing applications;computation offloading;context-adaptive middleware;context-aware self-adaptation techniques;data mining process;mobile cloud computing;mobile edge;mobile edge computing;mobile middleware;resource demanding services;software infrastructure;Batteries;Cloud computing;Context;Mobile applications;Mobile communication;Mobile handsets;context adaptation;mobile cloud computing;mobile edge computing}, 
	doi={10.1109/FAS-W.2016.54}, 
	ISSN={}, 
	month={Sept}
}

@ARTICLE{Liu:2016,
	author = {{Liu}, J. and {Mao}, Y. and {Zhang}, J. and {Letaief}, K.~B.
	},
	title = "{Delay-Optimal Computation Task Scheduling for Mobile-Edge Computing Systems}",
	journal = {ArXiv e-prints},
	archivePrefix = "arXiv",
	eprint = {1604.07525},
	primaryClass = "cs.IT",
	keywords = {Computer Science - Information Theory, Computer Science - Networking and Internet Architecture},
	year = 2016,
	month = apr,
	adsurl = {http://adsabs.harvard.edu/abs/2016arXiv160407525L},
	adsnote = {Provided by the SAO/NASA Astrophysics Data System}
}

@ARTICLE{Wang:2017, 
	author={S. Wang and M. Zafer and K. K. Leung}, 
	journal={IEEE Access}, 
	title={Online Placement of Multi-Component Applications in Edge Computing Environments}, 
	year={2017}, 
	volume={5}, 
	number={}, 
	pages={2514-2533}, 
	keywords={algorithm theory;cloud computing;MEC;application placement problem;cloud computing paradigm;edge computing environments;heuristic algorithms;linear application graph;mobile edge computing;mobile edge-clouds;multicomponent applications;online approximation algorithms;online placement;optimal solution;performance guarantees;poly-log competitive ratio;polynomial-logarithmic competitive ratio;poor performance;provable performance bounds;small-sized edge clouds;tree application graph placement;user application;workload placement problem;Approximation algorithms;Cloud computing;Databases;Face recognition;Mobile communication;Mobile handsets;Streaming media;Cloud computing;graph mapping;mobile edge-cloud (MEC);online approximation algorithm;optimization theory}, 
	ISSN={}, 
	month={}
}

@ARTICLE{Machen:2018, 
    author={A. Machen and S. Wang and K. K. Leung and B. J. Ko and T. Salonidis}, 
    journal={IEEE Wireless Communications}, 
    title={Live Service Migration in Mobile Edge Clouds}, 
    year={2018}, 
    volume={25}, 
    number={1}, 
    pages={140-147}, 
    keywords={cloud computing;mobile computing;virtual machines;mobile edge clouds;cloud infrastructures;network edge;real-time applications;instantaneous object recognition;safety assistance;intelligent transportation systems;layered framework;migrating active service applications;service downtime;migration performance;live service migration;MEC;virtual machines;VM;Cloud computing;Mobile communication;Servers;Virtual machining;Virtualization}, 
    doi={10.1109/MWC.2017.1700011}, 
    ISSN={1536-1284}, 
    month={February}
}

%Serverless computing literature

%%Tools

@misc{OpenWhisk,
	title={Apache OpenWhisk},
	howpublished={\url{https://openwhisk.apache.org}},
		year = {2018}
}

@misc{AWSLambda,
	title={AWS Lambda},
	howpublished={\url{https://docs.aws.amazon.com/lambda}},
	year = {2018}
}

%%General
@INPROCEEDINGS{Lloyd18serverless,
	author={Lloyd, W. and Ramesh, S. and Chinthalapati, S. and Ly, L. and Pallickara, S.},
	booktitle={Proc. of the 6th IEEE International Conf. on Cloud Engineering (IC2E)},
	title={Serverless Computing: An Investigation of Factors Influencing Microservice Performance},
	year={2018},
	volume={},
	number={},
	pages={},
	keywords={},
	ISSN={},
	note={},
	month={September}
}

@article{baldini2017serverless,
  title={Serverless Computing: Current Trends and Open Problems},
  author={Baldini, I. and Castro, P. and Chang, K. and Cheng, P. and Fink, S. and Ishakian, V. and Mitchell, N. and Muthusamy, V. and Rabbah, R. and Slominski, A. and others},
  journal={arXiv preprint arXiv:1706.03178},
  year={2017}
}

@InProceedings{MateosFaaster17,
	author={J. Spillner and C. Mateos and D. A. Monge},
	editor="Mocskos, Esteban
	and Nesmachnow, Sergio",
	title="FaaSter, Better, Cheaper: The Prospect of Serverless Scientific Computing and HPC",
	booktitle="High Performance Computing",
	series={},
	year="2018",
	publisher="Springer International Publishing",
	address="Cham",
	pages="154--168",
	isbn="978-3-319-73353-1"
}

@ARTICLE{Nastic17ServerlessDataAnalytics,
author={S. Nastic and T. Rausch and O. Scekic and S. Dustdar and M. Gusev and B. Koteska and M. Kostoska and B. Jakimovski and S. Ristov and R. Prodan},
journal={IEEE Internet Computing},
title={A Serverless Real-Time Data Analytics Platform for Edge Computing},
year={2017},
volume={21},
number={4},
pages={64-71},
keywords={cloud computing;data analysis;cloud supported;edge computing;edge data analytics;serverless real-time data analytics;Analytical models;Cloud computing;Computational modeling;Data analysis;Data models;Quality of service;Real-time systems;Internet of Things;Internet/Web technologies;IoT;cloud computing;edge computing;real-time data analysis;security and privacy},
doi={10.1109/MIC.2017.2911430},
ISSN={1089-7801},
month={},}

%Serverless + Edge literature

@InProceedings{GarrigaMendonca2017,
	author="Baresi, L.
	and Mendon{\c{c}}a, D. F.
	and Garriga, M.",
	title="Empowering Low-Latency Applications Through a Serverless Edge Computing Architecture",
	booktitle="Proc. of the 6th European Conf. on Service-Oriented and Cloud Computing",	
	year="2017",
	publisher="Springer International Publishing",
	address="Cham",
	pages="196--210",	
	isbn="978-3-319-67262-5"
}

@misc{NokiaMEC13,
  title={Increasing mobile operators' value proposition with edge computing},
  author="{Nokia Siemens Networks, Intel}",
  year={2013},
  note={Retrieved from: http://www.intel.co.id/content/dam/www/public/us/en/documents/technology-briefs/edge-computing-tech-brief.pdf}
}
